<record><leader>00000cas a2200000 a 4500</leader><controlfield tag="001">13510199</controlfield><controlfield tag="008">860430d18761972mouwr ne      0    0eng d</controlfield><datafield ind1=" " ind2=" " tag="010"><subfield code="a">sn 86063632 </subfield></datafield><datafield ind1=" " ind2=" " tag="040"><subfield code="a">KSH</subfield><subfield code="b">eng</subfield><subfield code="c">KSH</subfield><subfield code="d">NPT</subfield><subfield code="d">NPX</subfield><subfield code="d">MQN</subfield><subfield code="d">OCL</subfield><subfield code="d">OCLCQ</subfield></datafield><datafield ind1=" " ind2=" " tag="042"><subfield code="a">msc</subfield></datafield><datafield ind1="0" ind2="0" tag="245"><subfield code="a">Lawrence chieftain.</subfield></datafield><datafield ind1=" " ind2=" " tag="260"><subfield code="a">Mt. Vernon, Mo. :</subfield><subfield code="b">Cecil &amp; Bro.</subfield></datafield><datafield ind1=" " ind2=" " tag="300"><subfield code="a">v.</subfield></datafield><datafield ind1=" " ind2=" " tag="310"><subfield code="a">Weekly</subfield></datafield><datafield ind1="1" ind2=" " tag="362"><subfield code="a">Began in 1876.</subfield><subfield code="z">Cf. Ayer, 1889.</subfield></datafield><datafield ind1="0" ind2=" " tag="362"><subfield code="a">-v. 28, no. 52 (Dec. 31, 1903) ; 29th year, no. 1 (Jan. 7, 1904)-97th year, no. 28 (June 8, 1972).</subfield></datafield><datafield ind1=" " ind2=" " tag="588"><subfield code="a">Description based on: Vol. 1, no. 14 (May 31, 1876).</subfield></datafield><datafield ind1=" " ind2=" " tag="752"><subfield code="a">United States</subfield><subfield code="b">Missouri</subfield><subfield code="c">Lawrence</subfield><subfield code="d">Mount Vernon.</subfield></datafield><datafield ind1="0" ind2="5" tag="780"><subfield code="t">Mt. Vernon advance</subfield><subfield code="w">(DLC)sn 89066187</subfield></datafield><datafield ind1="0" ind2="5" tag="780"><subfield code="t">Miller news (Miller, Mo. : 1950)</subfield><subfield code="w">(DLC)sn 89066186</subfield></datafield><datafield ind1="0" ind2="7" tag="785"><subfield code="t">Lawrence County record</subfield><subfield code="w">(DLC)sn 89066189</subfield></datafield><datafield ind1="0" ind2="7" tag="785"><subfield code="t">Lawrence County record and the Lawrence chieftain</subfield><subfield code="w">(DLC)sn 89066196</subfield></datafield><datafield ind1="1" ind2=" " tag="029"><subfield code="a">AU@</subfield><subfield code="b">000022168672</subfield></datafield></record>